@article {ndvi-thrust,
author = {Alvarez-Cedillo, Jesus},
year = {2013},
month = {10},
pages = {},
title = {{Implementation Strategy of NDVI Algorithm with Nvidia Thrust}},
doi = {10.1007/978-3-642-53842-1_16}
}

@misc{gisgeography_2018,
  title = {{What is NDVI (Normalized Difference Vegetation Index)?}},
  howpublished = {\url{https://gisgeography.com/ndvi-normalized-difference-vegetation-index/}},
  note = {Accessed: 2018-11-08},
year = {2018}
}
